@article{Ozaki,
author = "Ozaki, T.",
title = "Maximum Likelihood Estimation of Hawkes' Self Exciting Point Processes",
year = "1977", month = 9
}

@article{Ogata,
title = "On Lewis' Simulation Method for Point Processes",
author = "Ogata, Yosihiko",
journal = "IEEE Transactions on signal processing",
year = "1981",
month = "1",
volume = "27",
issue = "1",
page = "23-31"
}

@Article{lewis,
author = {Lewis, P.A. W. and Shedler, G. S.},
title = {Simulation of Nonhomogeneous Poisson Processes by Thinning},
year = "1978",
month = "6"
}


@article{Likelihood_Hawkes,
author = "Yuanda Chen",
title = "Likelihood Function for Multivariate Hawkes Processes",
year = "2016", month = 1
}

@article{weighted_likelihood,
author = "Ahmed, Ejaz S. and Volodin, Andrei I. and Hussein, Abdulkadir A.",
title = "In Robust Weighted Likelihood Estimation of Exponential Parameters",
year = "2005", month = 7
}


@book{Silverman,
author ="Silverman,Bernard W.",
title ="Density Estimation for Statistics and Data Analysis",
publisher ="Monographs on Statistics and Applied Probability",
number = "26",
year = "1986",
editor = "Chapman \& Hall / CRC"
}




@article{Hawkes,
author = "Hawkes, Alan G.",
title = "Spectra of Some Self-Exciting and Mutually Exciting Point Processes",
journal ="Biometrika",
volume ="58",
number ="1",
pages ="83-90",
year = "1971", 
month = 4
}


@article{Chen,
author = "Chen, Yuanda",
title = "Likelihood Function for Multivariate Hawkes Processes",
year = "2016", month = 1
}




@book{Wand,
author ="Wand, M. P. and Jones, M. C.",
title ="Kernel Smoothing",
publisher ="Monographs on Statistics and Applied Probability",
number ="60",
year = "1995",
editor = "Chapman  \& Hall / CRC"
}

@article{Methods_ESTIM,
title = "Non-parametric Multivariate Density Estimation: A Comparative Study",
author = "Hwang, Jenq-Neng and Lay, Shyh-Rong and Lippman, Alan",
journal = "IEEE Transactions on signal processing", 
volume = "42",
number = "10",
year = "1994",
month = "10"
}

@article{AKDE_ex,
title = "Adaptive kernel density estimation",
author = "Van Kerm, Philippe",
year = "2003",
month = "5"
}



@article{abramson,
title = "On bandwidth variation in kernel estimates - A square root law",
author = "Abramson, I. S.",
year = "1982",
volume = "10",
journal = "Annals Statist.",
page = "1217-1223"
}


@mastersthesis{obral,
title = "Simulation, Estimation and Applications of Hawkes Processes",
author = "Obrał, Katarzyna",
school = "University of Minnesota",
year = "2016",
month = "6"
}

@article{multihawkes,
title = "Multivariate Hawkes Processes and Their Simulations",
author = "Chen, Yuanda",
year = "2016",
month = "9"
}


@article{simulchen,
title = "Thinning Algorithms for Simulating Point Processes",
author = "Chen, Yuanda",
year = "2016",
month = "9"
}




@article{exphawkes,
title = "Exponential Hawkes Processes",
author = "Crowley, Stephen",
year = "2015",
month = "11"
}

@article{exphawkes2,
title = "Point Process Models for Multivariate High-Frequency Irregularly Spaced Data",
author = "Crowley, Stephen",
year = "2012",
month = "12"
}


@article{socialhawkes,
title = "A Tutorial on Hawkes Processes for Events in Social Media",
author = "Rizoiu, Marian-Andrei and Lee, Young and Mishra, Swapnil and Xie, Lexing",
year = "2017",
month = "10"
}



@article{simuldassios,
title = "Exact simulation of Hawkes process with exponentially decaying intensity",
author = "Dassios, Angelos and Zhao, Hongbiao",
year = "2013",
journal = "Electronic Communications in Probability",
number = "62",
volume = '18'
}


@article{simullaub,
title = "Hawkes Processes",
author = "Laub, Patrick J. and Taimre, Thomas and Pollett, Philip K.",
year = "2015",
month = "7"
}

@article{rasmussen,
title = "Perfect Simulation of Hawkes Processes",
author = "Møller, Jesper and Rasmussen, Jakob G.",
year = "2005",
month = "9",
journal = "Applied Probability Trust in Advances in Applied Probability",
volume = "37",
number = "3",
page = "629-646"
}

@article{my_algo_simul,
title = "Simulation and Calibration of a Fully Bayesian Marked Multidimensional Hawkes Process with Dissimilar Decays",
author = "Lim, Kar Wai and Lee, Young, and Hanlen, Leif, and Zhao, Hongbiao",
journal = "Proceedings of the 6th Asian Conference on Machine Learning (ACML)",
year = "2016",
page = "238-253"
}




@article{hphistorique1,
journal = "Journal of the Royal Statistical Society. Series B (Methodological)",
author = "Cox, D.R.",
year = "1955",
volume = "17",
number = "2",
page = "129"
}
@article{hphistorique2,
journal = "Journal of the Royal Statistical Society. Series B (Methodological)",
author = "Bartlett, Sankhya",
year = "1963",
volume = "25",
number = "2",
page = "264"
}
@article{hphistorique3,
journal = "The Indian Journal of Statistics, Series A",
author = "Bartlett, Sankhya",
year = "1963",
month = "9",
page = "245-254",
volume = "25",
number = "3"
}
@article{hphistorique4,
title = "The spectral analysis of two-dimensional point processes",
author = "Bartlett, Sankhya",
year = "1964",
month = "12",
volume = "51",
journal = "Biometrika",
page = "299-311"
}

@article{hphistorique5,
journal = "Journal of the Royal Statistical Society: Series B (Methodological)",
author = "Lewis, P. A.",
year = "1964",
volume = "26",
month = "9",
page = "398"
}


@article{hphistorique6,
title = "The statistical analysis of series of events",
author = "Cox, D.R. and Lewis, P. A.",
year = "1966",
publisher ="Monographs on Statistics and Applied Probability",
editor = "Chapman \& Hall / CRC"
}



@phdthesis{nonlinearHP1,
author       = {Carstensen, L.}, 
title        = {Hawkes processes and combinatorial transcriptional regulation},
school       = {University of Cophenhagen},
year         = 2010
}

@article{nonlinearHP2,
author = "Zhu, L.",
journal = "Journal of Applied Probability",
year = "2013"
}




@book{Grimmett,
title = "Probability and Random Processes",
author = "Grimmett, G and Stirzaker, D",
publisher = "Oxford University Press",
edition = "3",
year = "2001"
}


@conference{Veraart,
title = "MATH96052/MATH97083 Applied Probability",
year = "2019",
month = "10",
author = "Veraart, Almut E. D."
}


@article{critic_hawkes,
title = "Apparent criticality and calibration issues in the Hawkes self-excited point processmodel: application to high-frequency nancial data.",
author = "Filimonov, V. and Sornette, D.",
journal = "Swiss Finance Institute Research Paper",
year = "2013",
page = "13-60"
}

@article{cox,
title = "Simulation of cluster point processes without edge effects",
author = "Brix, Anders and Kendall, Wilfrid S.",
journal = "Advances in Applied Probability",
number = "2",
volume = "34",
month = "6",
year = "2002",
page = "267-280"
}


@Book{daley,
ALTauthor = {Daley, D. J. and Vere-Jones, D.},
title = {An introduction to the theory of point processes: Volume I, Elementary theory and methods},
publisher = {Springer},
year = {2002}
}


@Article{gen_nonhomo_poisson,
author = {Pasupathy, Raghu},
title = {Generating Nonhomogeneous Poisson Processes},
year = {2011},
OPTmonth = {1}
}


